@ELECTRONIC{1-1,
  author = {{VMWare}},
  year = {Consultado el 13 de octubre de 2016},
  title = {\url{http://www.vmware.com/solutions/virtualization.html}},
}

@ELECTRONIC{2,
  author = {{VMWare}},
  year = {Consultado el 13 de octubre de 2016},
  title = {\url{http://www.vmware.com/solutions/virtualization.html}},
}

@ELECTRONIC{3,
  author = {{VMWare}},
  year = {Consultado el 13 de octubre de 2016},
  title = {\url{http://www.vmware.com/solutions/virtualization.html}},
}

@ELECTRONIC{4,
  author = {{VMWare}},
  year = {Consultado el 13 de octubre de 2016},
  title = {\url{http://www.vmware.com/solutions/virtualization.html}},
}
